{"sender_public_key": {"modulus": 1055323175784642099164836139106703967638670159513920540772063172623879211326212046398191926470871122545582096789867794143498763886415609711974901740978409, "exponent": 647678530528421218164579640101088578717573070097183845635212061766153508436290700759604970139076047363762128294848062796577228203504096999288732737916993}, "time_stamp": "20160801083504s", "message": "\\x06JIv\\xbb\\x82\\x9a/\\xde5\\xf0X\\xcd>T\\x1as/\\x9c\\xd1c\\x1b\\xdb!\\x89\\x1d\\xdf\\t\\x19\\x03\\x0c\\x9d\\xd2\\x8f\\x02\\xda\\xdf5\\xb1\\x00\\x94\\xf4xR\\xa8`~b7\\\\[\\x10\\x8fNV,\\xeb\\x9aw\\xf4Y\\x839\\xb4\\x11\\xc9:\\x930\\xcc=F\\x8c\\x18z\\xd9\\x8c\\xab~iI\\xb3\\xe3\\xaa~_\\x15j\\xa2\\xec\\xef\\xf6\\x1d\\xe1\\x06dv\\xb9\\x8e\\xe1+/4\\x03\\x81\\xbf\\xa1\\xc0|\\x95\\xc53\\x9aM\\xa1\\xd8$\\x9b\\xb9\\xe4\\x9c\\x7f\\x98\\x97\\xaer\"U", "type": "T"}
{"sender_public_key": {"modulus": 1055323175784642099164836139106703967638670159513920540772063172623879211326212046398191926470871122545582096789867794143498763886415609711974901740978409, "exponent": 647678530528421218164579640101088578717573070097183845635212061766153508436290700759604970139076047363762128294848062796577228203504096999288732737916993}, "time_stamp": "20160801084056s", "message": "\\x00Y\\t\\x1e#~\\xfc.\\x1e\\x93\\xe3~\\x99\\x19\\xcb\\x9b\\xa4\\xc3:a+mpV>\\xa2\\xbd\\xe8<\\xdf\\xfeN\\xediJS/H\\xdaM\\x1b\\x97\\x8f]\\x88\\xd9\\xbc\\xfb\\xdcH\\x82\\x1f\\x84\\x1c9\\x8eE\\xa9\\xcc\\xc8\\xabk\\x85Z\\x11\\xc9:\\x930\\xcc=F\\x8c\\x18z\\xd9\\x8c\\xab~iI\\xb3\\xe3\\xaa~_\\x15j\\xa2\\xec\\xef\\xf6\\x1d\\xe1\\x06dv\\xb9\\x8e\\xe1+/4\\x03\\x81\\xbf\\xa1\\xc0|\\x95\\xc53\\x9aM\\xa1\\xd8$\\x9b\\xb9\\xe4\\x9c\\x7f\\x98\\x97\\xaer\"U", "type": "T"}
{"sender_public_key": {"modulus": 1055323175784642099164836139106703967638670159513920540772063172623879211326212046398191926470871122545582096789867794143498763886415609711974901740978409, "exponent": 647678530528421218164579640101088578717573070097183845635212061766153508436290700759604970139076047363762128294848062796577228203504096999288732737916993}, "time_stamp": "20160801084228s", "message": "\\x00Y\\t\\x1e#~\\xfc.\\x1e\\x93\\xe3~\\x99\\x19\\xcb\\x9b\\xa4\\xc3:a+mpV>\\xa2\\xbd\\xe8<\\xdf\\xfeN\\xediJS/H\\xdaM\\x1b\\x97\\x8f]\\x88\\xd9\\xbc\\xfb\\xdcH\\x82\\x1f\\x84\\x1c9\\x8eE\\xa9\\xcc\\xc8\\xabk\\x85Z\\x11\\xc9:\\x930\\xcc=F\\x8c\\x18z\\xd9\\x8c\\xab~iI\\xb3\\xe3\\xaa~_\\x15j\\xa2\\xec\\xef\\xf6\\x1d\\xe1\\x06dv\\xb9\\x8e\\xe1+/4\\x03\\x81\\xbf\\xa1\\xc0|\\x95\\xc53\\x9aM\\xa1\\xd8$\\x9b\\xb9\\xe4\\x9c\\x7f\\x98\\x97\\xaer\"U", "type": "T"}
{"sender_public_key": {"modulus": 1055323175784642099164836139106703967638670159513920540772063172623879211326212046398191926470871122545582096789867794143498763886415609711974901740978409, "exponent": 647678530528421218164579640101088578717573070097183845635212061766153508436290700759604970139076047363762128294848062796577228203504096999288732737916993}, "time_stamp": "20160801084429s", "message": "\\x06JIv\\xbb\\x82\\x9a/\\xde5\\xf0X\\xcd>T\\x1as/\\x9c\\xd1c\\x1b\\xdb!\\x89\\x1d\\xdf\\t\\x19\\x03\\x0c\\x9d\\xd2\\x8f\\x02\\xda\\xdf5\\xb1\\x00\\x94\\xf4xR\\xa8`~b7\\\\[\\x10\\x8fNV,\\xeb\\x9aw\\xf4Y\\x839\\xb4\\x11\\xc9:\\x930\\xcc=F\\x8c\\x18z\\xd9\\x8c\\xab~iI\\xb3\\xe3\\xaa~_\\x15j\\xa2\\xec\\xef\\xf6\\x1d\\xe1\\x06dv\\xb9\\x8e\\xe1+/4\\x03\\x81\\xbf\\xa1\\xc0|\\x95\\xc53\\x9aM\\xa1\\xd8$\\x9b\\xb9\\xe4\\x9c\\x7f\\x98\\x97\\xaer\"U", "type": "T"}
{"sender_public_key": {"modulus": 1055323175784642099164836139106703967638670159513920540772063172623879211326212046398191926470871122545582096789867794143498763886415609711974901740978409, "exponent": 647678530528421218164579640101088578717573070097183845635212061766153508436290700759604970139076047363762128294848062796577228203504096999288732737916993}, "time_stamp": "20160801175227", "message": "\\x10[\\xbd\\x07\\xc2\\x80\\xad\\xaag\\xafO\\xbeR \\xe1ID\\xe1_si\\xedA\\x02X\\xb2M$\\x9f\\xfb\\x0f\\xd3[Wa\\x1crw\\xcd\\xabq|b>\\xab\\x89s\\x9e\\x10\\x9bk\\xb0\\xe1\\x15\\x1e!\\xb7\\'&N\\x18k\\xb9\\x13\\x08\\xb9\\xddZt9\\xb3\\xfdm\\x10\\xaaEQ\\xb5\\x17\\x91\\xcc\\x01*6W\\x1d\\x9d\\xc0\\x0c1\\x8b)H\\xec:\\xb77\\x89.\\xf9\\xd7z\\r\\x11e\\n\\xdf{ 3\\xd7\\xda|\\xfd\\xc9\\xed>\\x92\\xe9\\x0c\\xedD\\xce\\xa0x\\xdcu\\xc7", "type": "T"}
{"sender_public_key": {"exponent": 991742373721612356695152445256811279346195871445986268754138214196582962180183399672971360132304635757238688190563981978369595758317843842906754312936749, "modulus": 1669411000904605478316666948230087447685873706867648953045631635494180538806258465476594290822337227482487650342720856524658713854672661271324071740407799}, "time_stamp": "20160802164802", "message": "\\x11\\xfd\\xbft\\x8d,\\x1a\\x04i\\xbcE\\xd3\\xaf\\\\\\xff\\x9f!d^\\xab\\x83\\x0c\\xe2\\x82\\x02lXcS\\x94\\xa0\\x8e\\x03\\xb7\\xf2i\\xd3\\xde\\x1a\\xd1N\\'\\x05)Z\\xdb\\xe0\\xf8\\xfd\\x86\\xfd\\xdc\\x1c\\xe7\\x9f[_\\xbd\\xd2\\xb6\\xd7\\x93\\tr\\x12\\xaa@~+\\xa3\\xf7\\x1b,\\xe2\\xc2\\x9d_n\\xb5<\\x9b^\\x91\\xc9\\xe4\\x9b\\xcd\\xc8\\xceu\\x91Q\\x01\\x7f\\x01Q_\\xdc\\x89\\x84\\xaf\\xec(\\n\\xac\\xe3G|7PV\\xd0\\x14v4]\\x8e3f\\xfa\\x8d\\x9d\\xaeg\\xfe\\x96\\xdb\\x80", "type": "T"}
